<?xml version="1.0" encoding="UTF-8"?><record xmlns="http://www.loc.gov/MARC21/slim" xmlns:cinclude="http://apache.org/cocoon/include/1.0" xmlns:zs="http://www.loc.gov/zing/srw/">
  <leader>00372nz  a2200121n  4500</leader>
  <controlfield tag="001">n  85117007 </controlfield>
  <controlfield tag="003">DLC</controlfield>
  <controlfield tag="005">19850603000000.0</controlfield>
  <controlfield tag="008">850423n| acannaab|          |n aaa |||  </controlfield>
  <datafield tag="010" ind1=" " ind2=" ">
    <subfield code="a">n  85117007 </subfield>
  </datafield>
  <datafield tag="040" ind1=" " ind2=" ">
    <subfield code="a">DLC</subfield>
    <subfield code="c">DLC</subfield>
  </datafield>
  <datafield tag="100" ind1="1" ind2="0">
    <subfield code="a">Scherers, Bernd,</subfield>
    <subfield code="d">1953-</subfield>
  </datafield>
  <datafield tag="670" ind1=" " ind2=" ">
    <subfield code="a">His Studien zur Orgelmusik der SchuĚler ... 1984, c1983:</subfield>
    <subfield code="b">t.p. (Bernd Scherers) p. 14 (2nd group) (b. 11-13-53)</subfield>
  </datafield>
</record>